<record><leader>00000cas a2200000 a 4500</leader><controlfield tag="001">27723847</controlfield><controlfield tag="008">930312d18951898caudn ne      0    0eng c</controlfield><datafield ind1=" " ind2=" " tag="010"><subfield code="a">sn 93050936 </subfield></datafield><datafield ind1=" " ind2=" " tag="040"><subfield code="a">CUY</subfield><subfield code="b">eng</subfield><subfield code="c">CNK</subfield><subfield code="d">OCLCQ</subfield><subfield code="d">CNK</subfield><subfield code="d">OCLCQ</subfield><subfield code="d">OCLCF</subfield><subfield code="d">OCLCO</subfield></datafield><datafield ind1=" " ind2=" " tag="019"><subfield code="a">4745391</subfield></datafield><datafield ind1="1" ind2=" " tag="029"><subfield code="a">AU@</subfield><subfield code="b">000020751430</subfield></datafield><datafield ind1=" " ind2=" " tag="042"><subfield code="a">pcc</subfield></datafield><datafield ind1=" " ind2=" " tag="043"><subfield code="a">n-us-ca</subfield></datafield><datafield ind1="0" ind2=" " tag="130"><subfield code="a">Berkeley gazette (Berkeley, Calif. : 1895)</subfield></datafield><datafield ind1="1" ind2="4" tag="245"><subfield code="a">The Berkeley gazette.</subfield></datafield><datafield ind1="1" ind2="3" tag="246"><subfield code="a">Morning gazette</subfield><subfield code="f">Apr. 20-May 21, 1898</subfield></datafield><datafield ind1="1" ind2="7" tag="246"><subfield code="a">Berkeley daily gazette</subfield><subfield code="f">Mar. 12, 1897-July 11, 1898</subfield></datafield><datafield ind1=" " ind2=" " tag="260"><subfield code="a">Berkeley, Cal. :</subfield><subfield code="b">Gazette Pub. Co.</subfield></datafield><datafield ind1=" " ind2=" " tag="300"><subfield code="a">v.</subfield></datafield><datafield ind1=" " ind2=" " tag="310"><subfield code="a">Daily (except Sun.)</subfield></datafield><datafield ind1="0" ind2=" " tag="362"><subfield code="a">Vol. 1, no. 112 (Apr. 4, 1895)-v. 7, no. 149 (July 11, 1898).</subfield></datafield><datafield ind1=" " ind2=" " tag="530"><subfield code="a">Master negatives are available for duplication from:</subfield><subfield code="b">California Newspaper Microfilm Archive;</subfield><subfield code="c">positive copies may be purchased by the reel; for further information consult the CNMA at:</subfield><subfield code="u">http://cbsr.ucr.edu</subfield></datafield><datafield ind1=" " ind2="0" tag="651"><subfield code="a">San Francisco Bay Area (Calif.)</subfield><subfield code="v">Newspapers.</subfield></datafield><datafield ind1=" " ind2="7" tag="655"><subfield code="a">Newspapers.</subfield><subfield code="2">fast</subfield><subfield code="0">(OCoLC)fst01423814</subfield></datafield><datafield ind1=" " ind2="7" tag="651"><subfield code="a">California</subfield><subfield code="z">San Francisco Bay Area.</subfield><subfield code="2">fast</subfield><subfield code="0">(OCoLC)fst01242397</subfield></datafield><datafield ind1=" " ind2=" " tag="752"><subfield code="a">United States</subfield><subfield code="b">California</subfield><subfield code="c">Alameda</subfield><subfield code="d">Berkeley.</subfield></datafield><datafield ind1="0" ind2="0" tag="780"><subfield code="t">Gazette (Berkeley, Calif.)</subfield><subfield code="w">(DLC)sn 93050935</subfield></datafield><datafield ind1="0" ind2="7" tag="785"><subfield code="t">Berkeley evening world</subfield><subfield code="w">(DLC)sn 93050930</subfield></datafield><datafield ind1="0" ind2="7" tag="785"><subfield code="t">Berkeley world-gazette</subfield><subfield code="w">(DLC)sn 93050937</subfield></datafield></record>